@article{KO16,
	author = {T. Kirchdoerfer and M. Ortiz},
	title = {Data-driven computational mechanics},
	journal = {Comput. Methods Appl. Mech. Engrg.},
	volume = {304},
	pages = {81--101},
	year = {2016},
	doi = {http: //dx.doi.org/10.1016/j.cma.2016.02.001}
}